<?xml version="1.0" encoding="UTF-8"?><record xmlns="http://www.loc.gov/MARC21/slim" xmlns:cinclude="http://apache.org/cocoon/include/1.0" xmlns:zs="http://www.loc.gov/zing/srw/">
  <leader>00496cz  a2200157n  4500</leader>
  <controlfield tag="001">n  81072548 </controlfield>
  <controlfield tag="003">DLC</controlfield>
  <controlfield tag="005">20030725033200.0</controlfield>
  <controlfield tag="008">811028n| acannaab           |a aaa      </controlfield>
  <datafield tag="010" ind1=" " ind2=" ">
    <subfield code="a">n  81072548 </subfield>
  </datafield>
  <datafield tag="040" ind1=" " ind2=" ">
    <subfield code="a">DLC</subfield>
    <subfield code="c">DLC</subfield>
    <subfield code="d">UPB</subfield>
  </datafield>
  <datafield tag="100" ind1="1" ind2=" ">
    <subfield code="a">Blessner, Gustav,</subfield>
    <subfield code="d">1808-1888</subfield>
  </datafield>
  <datafield tag="400" ind1="1" ind2=" ">
    <subfield code="a">Blessner, G.</subfield>
    <subfield code="q">(Gustav),</subfield>
    <subfield code="d">1808-1888</subfield>
  </datafield>
  <datafield tag="400" ind1="1" ind2=" ">
    <subfield code="a">Blessner, Gustave,</subfield>
    <subfield code="d">1808-1888</subfield>
  </datafield>
  <datafield tag="670" ind1=" " ind2=" ">
    <subfield code="a">His The young organist's album, c1869.</subfield>
  </datafield>
  <datafield tag="670" ind1=" " ind2=" ">
    <subfield code="a">His Home-sick polka, c1849:</subfield>
    <subfield code="b">t.p. (Gustave Blessner) caption (G. Blessner)</subfield>
  </datafield>
</record>